
  @Manual{gam,
    title = {gam: Generalized Additive Models},
    author = {Trevor Hastie},
    year = {2018},
    note = {R package version 1.15},
    url = {https://CRAN.R-project.org/package=gam},
  }
    @Manual{xgboost,
    title = {xgboost: Extreme Gradient Boosting},
    author = {Tianqi Chen and Tong He and Michael Benesty and Vadim Khotilovich and Yuan Tang and Hyunsu Cho and Kailong Chen and Rory Mitchell and Ignacio Cano and Tianyi Zhou and Mu Li and Junyuan Xie and Min Lin and Yifeng Geng and Yutian Li},
    year = {2018},
    note = {R package version 0.71.1},
    url = {https://CRAN.R-project.org/package=xgboost},
  }
    @Article{randomforest,
    title = {Classification and Regression by randomForest},
    author = {Andy Liaw and Matthew Wiener},
    journal = {R News},
    year = {2002},
    volume = {2},
    number = {3},
    pages = {18-22},
    url = {https://CRAN.R-project.org/doc/Rnews/},
  }

  @Article{glmnet,
    title = {Regularization Paths for Cox's Proportional Hazards Model
      via Coordinate Descent},
    author = {Noah Simon and Jerome Friedman and Trevor Hastie and Rob
      Tibshirani},
    journal = {Journal of Statistical Software},
    year = {2011},
    volume = {39},
    number = {5},
    pages = {1--13},
    url = {http://www.jstatsoft.org/v39/i05/},
  }